@online{orl_images,
    author = "Nimfa",
    title = "ORL Images",
    url  = "https://nimfa.biolab.si/nimfa.examples.orl_images.html",
    addendum = "(accessed: 10.11.2021)"
}


